<?xml version="1.0" encoding="UTF-8"?><collection xmlns="http://www.loc.gov/MARC21/slim"><record><leader>00409nam--2200133-i-4500</leader><controlfield tag="001">000043842</controlfield><controlfield tag="002">20161230</controlfield><controlfield tag="005">20161230201044</controlfield><controlfield tag="008">060222s1000------------r-----000-0-eng-d</controlfield><datafield ind1=" " ind2=" " tag="080"><subfield code="a">331</subfield></datafield><datafield ind1=" " ind2=" " tag="245"><subfield code="a">Studiul muncii. vol.vii: organizarea si normarea muncii personalului tehnic, economic, de alta specialitate si administrativ</subfield></datafield><datafield ind1=" " ind2=" " tag="260"><subfield code="a">Bucuresti, Ed.Tehnica, 1973</subfield></datafield><datafield ind1=" " ind2=" " tag="700"><subfield code="a">Hidos,C.Siisac,P</subfield></datafield><datafield ind1=" " ind2=" " tag="852"><subfield code="a">35226</subfield></datafield></record></collection>